@BOOKLET{Madsen2010,
  author = {Lars Madsen},
  title = {Introduktion til {LaTeX}},
  year = {2010},
  howpublished = {\url{http://www.imf.au.dk/system/latex/bog/}}
 }
 
@MISC{Oetiker2010,
  author = {Tobias Oetiker},
  title = {The Not So Short A Introduction to {LaTeX2e}},
  year = {2010},
  howpublished = {\url{http://tobi.oetiker.ch/lshort/lshort.pdf}}
 }
 
@BOOK{Mittelbach2005,
  author = {Frank Mittelbach},
  edition = {2. ed.},
  publisher = {Addison-Wesley},
  title = {The LATEX companion},
  year = 2005
}

@book{Castoriadis1997imaginary,
  title={The imaginary institution of society},
  author={Castoriadis, Cornelius},
  year={1997},
  publisher={Mit Press}
}

@article{Benhadid2012refrigerants,
  title={Refrigerants and their environmental impact Substitution of hydro chlorofluorocarbon HCFC and HFC hydro fluorocarbon. Search for an adequate refrigerant},
  author={Benhadid-Dib, Samira and Benzaoui, Ahmed},
  journal={Energy Procedia},
  volume={18},
  pages={807--816},
  year={2012},
  publisher={Elsevier}
}